<record><leader>00000cas a22000007a 4500</leader><controlfield tag="001">9950523</controlfield><controlfield tag="008">830926c19349999ohusr ne      0   a0eng d</controlfield><datafield ind1=" " ind2=" " tag="010"><subfield code="a">sn 87076703 </subfield><subfield code="z">sn 78000878 </subfield></datafield><datafield ind1=" " ind2=" " tag="040"><subfield code="a">CRL</subfield><subfield code="b">eng</subfield><subfield code="c">CRL</subfield><subfield code="d">ONP</subfield><subfield code="d">NSD</subfield><subfield code="d">OCL</subfield><subfield code="d">OCLCQ</subfield><subfield code="d">OCLCO</subfield></datafield><datafield ind1=" " ind2=" " tag="012"><subfield code="j">0</subfield><subfield code="k">1</subfield><subfield code="l">1</subfield><subfield code="m">1</subfield></datafield><datafield ind1=" " ind2=" " tag="019"><subfield code="a">4021206</subfield></datafield><datafield ind1="1" ind2=" " tag="022"><subfield code="a">0008-7971</subfield><subfield code="l">0008-7971</subfield><subfield code="2">1</subfield></datafield><datafield ind1="1" ind2=" " tag="029"><subfield code="a">AU@</subfield><subfield code="b">000025801402</subfield></datafield><datafield ind1=" " ind2=" " tag="032"><subfield code="a">093660</subfield><subfield code="b">USPS</subfield></datafield><datafield ind1=" " ind2=" " tag="037"><subfield code="b">Catholic Chronicle, Inc., P.O. Box 1866, Toledo OH 43603</subfield></datafield><datafield ind1=" " ind2=" " tag="042"><subfield code="a">msc</subfield><subfield code="a">nsdp</subfield></datafield><datafield ind1="0" ind2=" " tag="130"><subfield code="a">Catholic chronicle (Toledo, Ohio)</subfield></datafield><datafield ind1=" " ind2="0" tag="222"><subfield code="a">Catholic chronicle</subfield><subfield code="b">(Toledo, Ohio)</subfield></datafield><datafield ind1="0" ind2="0" tag="245"><subfield code="a">Catholic chronicle.</subfield></datafield><datafield ind1=" " ind2=" " tag="260"><subfield code="a">Toledo, Ohio :</subfield><subfield code="b">Catholic Press Union, Inc.,</subfield><subfield code="c">1934-</subfield></datafield><datafield ind1=" " ind2=" " tag="300"><subfield code="a">v. :</subfield><subfield code="b">ill.</subfield></datafield><datafield ind1=" " ind2=" " tag="310"><subfield code="a">Semimonthly,</subfield><subfield code="b">&lt;Jan. 24, 1992-&gt;</subfield></datafield><datafield ind1=" " ind2=" " tag="321"><subfield code="a">Weekly,</subfield><subfield code="b">Nov. 23, 1934-Oct. 22, 1971</subfield></datafield><datafield ind1=" " ind2=" " tag="321"><subfield code="a">Weekly (except week after Christmas),</subfield><subfield code="b">Oct. 28, 1971-Apr. 30, 1982</subfield></datafield><datafield ind1=" " ind2=" " tag="321"><subfield code="a">Biweekly,</subfield><subfield code="b">May 7, 1982-</subfield></datafield><datafield ind1="0" ind2=" " tag="362"><subfield code="a">Vol. 1, no. 1 (Nov. 23, 1934)-</subfield></datafield><datafield ind1=" " ind2=" " tag="500"><subfield code="a">Issues for &lt;July 14, 1978&gt;-1989? published in Cleveland, Ohio; issues for &lt;Jan. 24, 1992-&gt; published by Catholic Chronicle, Inc.</subfield></datafield><datafield ind1=" " ind2=" " tag="500"><subfield code="a">Official newspaper of the Diocese of Toledo.</subfield></datafield><datafield ind1="2" ind2=" " tag="710"><subfield code="a">Catholic Church.</subfield><subfield code="b">Diocese of Toledo (Ohio)</subfield></datafield><datafield ind1=" " ind2=" " tag="752"><subfield code="a">United States</subfield><subfield code="b">Ohio</subfield><subfield code="c">Lucas</subfield><subfield code="d">Toledo.</subfield></datafield><datafield ind1=" " ind2=" " tag="936"><subfield code="a">No. 58-2 (Jan. 24, 1992) LIC</subfield></datafield></record>